@article{EQueue,
    title        = {EQueue: Elastic Lock-Free FIFO Queue for Core-to-Core Communication on Multi-Core Processors}, 
    author       = {Wang, Junchang and Tian, Yangfeng and Fu, Xiong},
    year         = {2020},
    pages        = {98729-98741},
    journal      = {IEEE Access}, 
    volume       = {8},
    doi          = {10.1109/ACCESS.2020.2997071}
}

@article{B-Queue,
    title        = {B-Queue: Efficient and Practical Queuing for Fast Core-to-Core Communication},
    author       = {Wang, Junchang and Zhang, Kai and Tang, Xinan and Hua, Bei},
    year         = {2012},
    month        = {08},
    pages        = {137--159},
    journal      = {International Journal of Parallel Programming},
    volume       = {41},
    doi          = {10.1007/s10766-012-0213-x},
}

@inproceedings{FastForward,
    title        = {FastForward for efficient pipeline parallelism: a cache-optimized concurrent lock-free queue},
    author       = {Giacomoni, John and Moseley, Tipp and Vachharajani, Manish},
    year         = {2008},
    pages        = {43–52},
    series       = {PPoPP '08},
    booktitle    = {Proceedings of the 13th ACM SIGPLAN Symposium on Principles and Practice of Parallel Programming},
    publisher    = {Association for Computing Machinery},
    location     = {Salt Lake City, UT, USA},
    doi          = {10.1145/1345206.1345215},
}

@misc{FastFlowGithub,
    author       = {Massimo Aldinucci and Marco Danelutto and Peter Kilpatrick and Massimo Torquati},
    title        = {FastFlow: High-Level and Efficient Streaming on Multicore},
    year         = {2017},
    howpublished = {\url{https://github.com/fastflow/fastflow}},
    note         = {Accessed: 2025-09-17}
}

@article{Lamport,
    title        = {Specifying Concurrent Program Modules},
    author       = {Lamport, Leslie},
    year         = {1983},
    month        = {04},
    pages        = {190–222},
    numpages     = {33},
    number       = {2},
    journal      = {ACM Trans. Program. Lang. Syst.},
    publisher    = {Association for Computing Machinery},
    issue_date   = {April 1983},
    volume       = {5},
    address      = {New York, NY, USA},
    doi          = {10.1145/69624.357207},
}

@inproceedings{MCRingBuffer,
    title        = {A lock-free, cache-efficient shared ring buffer for multi-core architectures},
    author       = {Lee, Patrick P. C. and Bu, Tian and Chandranmenon, Girish},
    year         = {2009},
    pages        = {78–79},
    numpages     = {2},
    series       = {ANCS '09},
    booktitle    = {Proceedings of the 5th ACM/IEEE Symposium on Architectures for Networking and Communications Systems},
    publisher    = {Association for Computing Machinery},
    location     = {Princeton, NJ, USA},
    doi          = {10.1145/1882486.1882508},
}
